<collection xmlns="http://www.loc.gov/MARC21/slim">
<record>
  <leader>04186nam0a2200613 i 450 </leader>
  <controlfield tag="001">IT\ICCU\CNCE\013572</controlfield>
  <controlfield tag="005">20180521000000.0</controlfield>
  <datafield tag="012" ind1=" " ind2=" ">
    <subfield code="a">esi- o-ti uahe sote (C) 1524 (R)</subfield>
    <subfield code="2">fei</subfield>
  </datafield>
  <datafield tag="100" ind1=" " ind2=" ">
    <subfield code="a">19970101d1524        0itac0103    ba</subfield>
  </datafield>
  <datafield tag="101" ind1=" " ind2=" ">
    <subfield code="a">ITA</subfield>
  </datafield>
  <datafield tag="102" ind1=" " ind2=" ">
    <subfield code="a">IT</subfield>
  </datafield>
  <datafield tag="200" ind1="1" ind2=" ">
    <subfield code="a">℗La ℗preclara narratione di Ferdinando Cortese della Nuoua Hispagna del mare Oceano, al sacratissimo, &amp; inuictissimo Carlo di Romani imperatore sempre augusto re d&apos;Hispagna, &amp; cio che siegue, nellanno del Signore MDXX trasmessa: nella quale si contengono molte cose degne di scienza, &amp; ammiratione, circa le cittadi egregie di quelle prouincie ... per il dottore Pietro Sauorgnano Foroliuiense del riuerendo messer Giouanni de Reuelles vescouo di Vienna secretario dal iddioma hispagniuolo in lingua latina conuersa nel anno MDXXIV ... dalla facondia latina al splendore della lingua volgare per messer Nicolo Liburnio con fidelta &amp; diligenza tradotta ...</subfield>
  </datafield>
  <datafield tag="210" ind1=" " ind2=" ">
    <subfield code="e">Stampata in Venetia</subfield>
    <subfield code="g">per Bernardino de Viano de Lexona vercellese</subfield>
    <subfield code="g">ad instantia de Baptista de Pederzani Brixiani</subfield>
    <subfield code="h">1524. adi XX agosto</subfield>
  </datafield>
  <datafield tag="215" ind1=" " ind2=" ">
    <subfield code="a">\74! c.</subfield>
    <subfield code="c">ill.</subfield>
    <subfield code="d">1 tav. inc. ripieg.</subfield>
    <subfield code="d">4ʻ</subfield>
  </datafield>
  <datafield tag="620" ind1=" " ind2=" ">
    <subfield code="a">IT</subfield>
    <subfield code="d">Venezia</subfield>
  </datafield>
  <datafield tag="700" ind1=" " ind2="1">
    <subfield code="a">Cortes,</subfield>
    <subfield code="b">Hernan</subfield>
    <subfield code="3">IT\ICCU\CNCA\003524</subfield>
  </datafield>
  <datafield tag="702" ind1=" " ind2="1">
    <subfield code="a">Savorgnano,</subfield>
    <subfield code="b">Pietro</subfield>
    <subfield code="3">IT\ICCU\CNCA\021577</subfield>
  </datafield>
  <datafield tag="702" ind1=" " ind2="1">
    <subfield code="a">Liburnio,</subfield>
    <subfield code="b"></subfield>
    <subfield code="3">IT\ICCU\CNCA\001166</subfield>
  </datafield>
  <datafield tag="712" ind1="0" ind2="0">
    <subfield code="a">Viani, Bernardino</subfield>
    <subfield code="c"> &lt;1.&gt;</subfield>
    <subfield code="3">IT\ICCU\CNCT\000442</subfield>
    <subfield code="4">650</subfield>
  </datafield>
  <datafield tag="712" ind1="0" ind2="0">
    <subfield code="a">Pederzano, Giovanni Battista</subfield>
    <subfield code="3">IT\ICCU\CNCT\000405</subfield>
    <subfield code="4">650</subfield>
  </datafield>
  <datafield tag="790" ind1=" " ind2="1">
    <subfield code="a">Cortesius,</subfield>
    <subfield code="b">Fernandus</subfield>
    <subfield code="3">IT\ICCU\CNCA\013746</subfield>
    <subfield code="z">Cortes, Hernan</subfield>
  </datafield>
  <datafield tag="790" ind1=" " ind2="1">
    <subfield code="a">Savorgnanus,</subfield>
    <subfield code="b">Petrus</subfield>
    <subfield code="3">IT\ICCU\CNCA\021578</subfield>
    <subfield code="z">Savorgnano, Pietro</subfield>
  </datafield>
  <datafield tag="790" ind1=" " ind2="1">
    <subfield code="a">Liburnio,</subfield>
    <subfield code="b"></subfield>
    <subfield code="3">IT\ICCU\CNCA\020252</subfield>
    <subfield code="z"></subfield>
  </datafield>
  <datafield tag="790" ind1=" " ind2="1">
    <subfield code="a">Liburnius,</subfield>
    <subfield code="b">Nicolaus</subfield>
    <subfield code="3">IT\ICCU\CNCA\020253</subfield>
    <subfield code="z"></subfield>
  </datafield>
  <datafield tag="791" ind1="0" ind2="2">
    <subfield code="a">Bernardinus Vercellensis</subfield>
    <subfield code="c"> &lt;1500-1543&gt;</subfield>
    <subfield code="3">IT\ICCU\CNCT\002940</subfield>
    <subfield code="z">Viani, Bernardino &lt;1.&gt;</subfield>
  </datafield>
  <datafield tag="791" ind1="0" ind2="0">
    <subfield code="a">Vercellensis, Bernardinus</subfield>
    <subfield code="c"> &lt;1500-1543&gt;</subfield>
    <subfield code="3">IT\ICCU\CNCT\002941</subfield>
    <subfield code="z">Viani, Bernardino &lt;1.&gt;</subfield>
  </datafield>
  <datafield tag="791" ind1="0" ind2="0">
    <subfield code="a">Lisona, Bernardinus de</subfield>
    <subfield code="3">IT\ICCU\CNCT\004159</subfield>
    <subfield code="z">Viani, Bernardino &lt;1.&gt;</subfield>
  </datafield>
  <datafield tag="791" ind1="0" ind2="0">
    <subfield code="a">Lesona, Bernardino de</subfield>
    <subfield code="3">IT\ICCU\CNCT\004160</subfield>
    <subfield code="z">Viani, Bernardino &lt;1.&gt;</subfield>
  </datafield>
  <datafield tag="791" ind1="0" ind2="0">
    <subfield code="a">Vianis, Bernardinus de</subfield>
    <subfield code="c"> &lt;1.&gt;</subfield>
    <subfield code="3">IT\ICCU\CNCT\005876</subfield>
    <subfield code="z">Viani, Bernardino &lt;1.&gt;</subfield>
  </datafield>
  <datafield tag="791" ind1="0" ind2="0">
    <subfield code="a">Viano, Bernardino de</subfield>
    <subfield code="c"> &lt;1.&gt;</subfield>
    <subfield code="3">IT\ICCU\CNCT\005877</subfield>
    <subfield code="z">Viani, Bernardino &lt;1.&gt;</subfield>
  </datafield>
  <datafield tag="791" ind1="0" ind2="0">
    <subfield code="a">Pedrezano, Giovanni Battista</subfield>
    <subfield code="3">IT\ICCU\CNCT\002471</subfield>
    <subfield code="z">Pederzano, Giovanni Battista</subfield>
  </datafield>
  <datafield tag="791" ind1="0" ind2="0">
    <subfield code="a">Pederzanis, Ioannes Baptista de</subfield>
    <subfield code="3">IT\ICCU\CNCT\005333</subfield>
    <subfield code="z">Pederzano, Giovanni Battista</subfield>
  </datafield>
  <datafield tag="791" ind1="0" ind2="0">
    <subfield code="a">Pederzanus, Ioannes Baptista</subfield>
    <subfield code="3">IT\ICCU\CNCT\005335</subfield>
    <subfield code="z">Pederzano, Giovanni Battista</subfield>
  </datafield>
  <datafield tag="791" ind1="0" ind2="0">
    <subfield code="a">Pederzani, Baptista de</subfield>
    <subfield code="3">IT\ICCU\CNCT\005336</subfield>
    <subfield code="z">Pederzano, Giovanni Battista</subfield>
  </datafield>
  <datafield tag="801" ind1=" " ind2="3">
    <subfield code="a">IT</subfield>
    <subfield code="b">ICCU</subfield>
    <subfield code="c">20201114</subfield>
  </datafield>
  <datafield tag="899" ind1=" " ind2=" ">
    <subfield code="a">Biblioteca universitaria. Bologna</subfield>
    <subfield code="1">BO0098</subfield>
    <subfield code="2">UBO BU</subfield>
  </datafield>
  <datafield tag="899" ind1=" " ind2=" ">
    <subfield code="a">Biblioteca comunale dell&apos;Archiginnasio. Bologna</subfield>
    <subfield code="1">BO0304</subfield>
    <subfield code="2">UBO GA</subfield>
  </datafield>
  <datafield tag="899" ind1=" " ind2=" ">
    <subfield code="a">Biblioteca comunale. Como</subfield>
    <subfield code="1">CO0059</subfield>
    <subfield code="2">ZCO 01</subfield>
  </datafield>
  <datafield tag="899" ind1=" " ind2=" ">
    <subfield code="a">Biblioteca Apostolica Vaticana. Citt ̉del Vaticano</subfield>
    <subfield code="1">EX0001</subfield>
    <subfield code="2">ZCV 01</subfield>
  </datafield>
  <datafield tag="899" ind1=" " ind2=" ">
    <subfield code="a">Biblioteca nazionale centrale. Firenze</subfield>
    <subfield code="1">FI0098</subfield>
    <subfield code="2">CFI CF</subfield>
  </datafield>
  <datafield tag="899" ind1=" " ind2=" ">
    <subfield code="a">Biblioteca Ambrosiana. Milano</subfield>
    <subfield code="1">MI0133</subfield>
    <subfield code="2">VBA 01</subfield>
  </datafield>
  <datafield tag="899" ind1=" " ind2=" ">
    <subfield code="a">Biblioteca nazionale Braidense. Milano</subfield>
    <subfield code="1">MI0185</subfield>
    <subfield code="2">MIL NB</subfield>
  </datafield>
  <datafield tag="899" ind1=" " ind2=" ">
    <subfield code="a">Archivio storico civico e Biblioteca Trivulziana. Milano</subfield>
    <subfield code="1">MI0327</subfield>
    <subfield code="2">LO1 13</subfield>
  </datafield>
  <datafield tag="899" ind1=" " ind2=" ">
    <subfield code="a">Biblioteca nazionale Vittorio Emanuele III. Napoli</subfield>
    <subfield code="1">NA0079</subfield>
    <subfield code="2">NAP BN</subfield>
  </datafield>
  <datafield tag="899" ind1=" " ind2=" ">
    <subfield code="a">Biblioteca Palatina. Parma</subfield>
    <subfield code="1">PR0072</subfield>
    <subfield code="2">PAR PA</subfield>
  </datafield>
  <datafield tag="899" ind1=" " ind2=" ">
    <subfield code="a">Biblioteca universitaria. Pavia</subfield>
    <subfield code="1">PV0291</subfield>
    <subfield code="2">MIL UP</subfield>
  </datafield>
  <datafield tag="899" ind1=" " ind2=" ">
    <subfield code="a">Biblioteca nazionale centrale. Roma</subfield>
    <subfield code="1">RM0267</subfield>
    <subfield code="2">BVE CR</subfield>
  </datafield>
  <datafield tag="899" ind1=" " ind2=" ">
    <subfield code="a">Biblioteca civica Gambalunghiana. Rimini</subfield>
    <subfield code="1">RN0013</subfield>
    <subfield code="2">RAV RI</subfield>
  </datafield>
  <datafield tag="899" ind1=" " ind2=" ">
    <subfield code="a">Biblioteca comunale degli Intronati. Siena</subfield>
    <subfield code="1">SI0046</subfield>
    <subfield code="2">RT1 QI</subfield>
  </datafield>
  <datafield tag="899" ind1=" " ind2=" ">
    <subfield code="a">Biblioteca Arcivescovile. Udine</subfield>
    <subfield code="1">UD0100</subfield>
    <subfield code="2">ZUD 11</subfield>
  </datafield>
  <datafield tag="899" ind1=" " ind2=" ">
    <subfield code="a">Biblioteca nazionale Marciana. Venezia</subfield>
    <subfield code="1">VE0049</subfield>
    <subfield code="2">VEA BM</subfield>
  </datafield>
  <datafield tag="899" ind1=" " ind2=" ">
    <subfield code="a">Biblioteche della Fondazione Giorgio Cini onlus. Venezia</subfield>
    <subfield code="1">VE0239</subfield>
    <subfield code="2">VEA FC</subfield>
  </datafield>
  <datafield tag="911" ind1=" " ind2=" ">
    <subfield code="a">A carta R6v</subfield>
    <subfield code="9">IT\ICCU\CNCM\001802</subfield>
  </datafield>
  <datafield tag="921" ind1=" " ind2=" ">
    <subfield code="a">IT\ICCU\CNCM\001802</subfield>
    <subfield code="b">Elefante con castello sul dorso sormontato da croce doppia. Iniziali Z.B.P. in scudo sul castello</subfield>
    <subfield code="c">K257</subfield>
    <subfield code="c">Z478</subfield>
    <subfield code="f">ELEFANTE</subfield>
    <subfield code="f">CASTELLO</subfield>
    <subfield code="f">CROCE</subfield>
    <subfield code="f">ZBP</subfield>
    <subfield code="g">1524-[circa 1525]</subfield>
  </datafield>
</record>
</collection>
